<?xml version="1.0" encoding="UTF-8"?><record xmlns="http://www.loc.gov/MARC21/slim" xmlns:cinclude="http://apache.org/cocoon/include/1.0" xmlns:zs="http://www.loc.gov/zing/srw/">
  <leader>00881nz  a2200217n  4500</leader>
  <controlfield tag="001">no2014038503</controlfield>
  <controlfield tag="003">DLC</controlfield>
  <controlfield tag="005">20140322073618.0</controlfield>
  <controlfield tag="008">140321n| azannaabn          |a aaa     c</controlfield>
  <datafield tag="010" ind1=" " ind2=" ">
    <subfield code="a">no2014038503</subfield>
  </datafield>
  <datafield tag="035" ind1=" " ind2=" ">
    <subfield code="a">(OCoLC)oca09713198</subfield>
  </datafield>
  <datafield tag="040" ind1=" " ind2=" ">
    <subfield code="a">ICrlF</subfield>
    <subfield code="b">eng</subfield>
    <subfield code="e">rda</subfield>
    <subfield code="c">ICrlF</subfield>
  </datafield>
  <datafield tag="100" ind1="1" ind2=" ">
    <subfield code="a">Von Notias, Elizabeth</subfield>
  </datafield>
  <datafield tag="372" ind1=" " ind2=" ">
    <subfield code="a">Publishing industry</subfield>
    <subfield code="a">Arts</subfield>
    <subfield code="a">Graphic design</subfield>
  </datafield>
  <datafield tag="374" ind1=" " ind2=" ">
    <subfield code="a">Book illustrator</subfield>
    <subfield code="a">Artist</subfield>
    <subfield code="a">Graphic designer</subfield>
  </datafield>
  <datafield tag="375" ind1=" " ind2=" ">
    <subfield code="a">female</subfield>
  </datafield>
  <datafield tag="377" ind1=" " ind2=" ">
    <subfield code="a">eng</subfield>
  </datafield>
  <datafield tag="400" ind1="1" ind2=" ">
    <subfield code="a">Notias, Elizabeth Von</subfield>
  </datafield>
  <datafield tag="400" ind1="1" ind2=" ">
    <subfield code="a">Von Notias, Liz</subfield>
  </datafield>
  <datafield tag="670" ind1=" " ind2=" ">
    <subfield code="a">Von Blum, Paul. Paul Robeson for beginners, 2013:</subfield>
    <subfield code="b">t.p. (illustrations by Elizabeth Von Notias &amp; Ramsess) p. 135 (Elizabeth Von Notias; trained professionally at the California Institute of the Arts and at Art Institute of California in Los Angeles, with a focus on graphic design)</subfield>
  </datafield>
  <datafield tag="670" ind1=" " ind2=" ">
    <subfield code="a">Her website, Mar. 20, 2014</subfield>
    <subfield code="b">(Liz Von Notias)</subfield>
  </datafield>
</record>